@techreport{melitz_redding,
 title = "New Trade Models, New Welfare Implications",
 author = "Marc J. Melitz and Stephen J. Redding",
 institution = "National Bureau of Economic Research",
 type = "Working Paper",
 series = "Working Paper Series",
 number = "18919",
 year = "2014",
 month = "March",
 URL = "http://www.nber.org/papers/w18919",
 abstract = {We examine whether firm heterogeneity matters for the aggregate welfare implications of trade by comparing heterogeneous and homogeneous firm models. We show that the endogenous entry/ exit decisions of firms into/out of the domestic and export market provide a new channel for welfare gains that is absent from models without firm heterogeneity. We use a theoretical comparative static to isolate the additional component of welfare associated with this channel and to show that models of firm heterogeneity have new aggregate welfare implications. We express the welfare gains from trade in the heterogeneous and homogeneous firm models in terms of observable empirical moments. We show that in the general cases of these models the aggregate domestic trade share and trade elasticity are not sufficient statistics for welfare.},
}

@techreport{kadee,
 title = "Understanding Markups in the Open Economy under Bertrand Competition",
 author = "Beatriz de Blas and Katheryn Russ",
 institution = "National Bureau of Economic Research",
 type = "Working Paper",
 series = "Working Paper Series",
 number = "16587",
 year = "2010",
 month = "December",
 doi = {10.3386/w16587},
 URL = "http://www.nber.org/papers/w16587",
 abstract = {The purpose of this paper is to understand the effects of endogenous markups and trade costs on the pricing behavior of exporters when firms are heterogeneous in productivity. Using new analytical distributions for markups under Bertrand competition, we uncover Ricardian patterns of export pricing that generate higher markups and export price volatility when industrialized countries sell to developing countries. These Ricardian patterns dissipate when developing countries move from bilateral to multilateral trade liberalization. The results arise from a form of price rigidity for exports that arises endogenously due to cut-throat competition, even though prices are otherwise perfectly flexible.},
}

@article{lux,
  title={Defying Gravity: The Substitutability of Transportation in International Trade},
  author={Matthias Lux},
  year={2012},
  journal={unpublished manuscript}
}

@article{hummels_jep,
Author = {Hummels, David},
Title = {Transportation Costs and International Trade in the Second Era of Globalization},
Journal = {Journal of Economic Perspectives},
Volume = {21},
Number = {3},
Year = {2007},
Month = {September},
Cover Date = {Summer 2007},
Pages = {131-154},
DOI = {10.1257/jep.21.3.131},
URL = {http://www.aeaweb.org/articles.php?doi=10.1257/jep.21.3.131}}

@techreport{crucini_hakan,
 title = "Understanding Long-run Price Dispersion",
 author = "Mario J. Crucini and Hakan Yilmazkuday",
 institution = "National Bureau of Economic Research",
 type = "Working Paper",
 series = "Working Paper Series",
 number = "18811",
 year = "2013",
 month = "February",
 URL = "http://www.nber.org/papers/w18811",
 abstract = {We use a unique panel of retail prices spanning 123 cities in 79 countries from 1990 to 2005, to uncover six novel properties of long-run international price dispersion. First, at the PPP level, virtually all (91.6%) of price dispersion is attributed to service-sector wages, consistent with a dominant role of the retail distribution margin. Second, at the level of individual goods and services, the average contribution of service-sector wages is significantly reduced, one-third as large (31.9%). This reflects the fact that good-specific sources of price dispersion, such as trade costs and good-specific markups, tend to average out across goods. Third, at the LOP level, borders and distance contribute about equally to price dispersion with distance elasticities consistent with the existing trade gravity literature which links trade volumes (rather than relative prices) to borders and distance. Fourth, in the cross-section, price dispersion is rising in the distribution share consistent with the notion that baby-sitting services and haircuts embody local wages to a far greater extent than highly traded manufactured goods. Fifth, we provide the first estimates of distribution margins at the micro-level and show them to be very different across goods and substantial in the aggregate, where they account for about 55% of consumption expenditure. Sixth, these estimates are broadly consistent with more aggregated U.S. NIPA measures currently used in the literature.},
}

@TECHREPORT{crucini_tz,
title = {Price dispersion: The role of distance, borders and location},
author = {Crucini, Mario John and Telmer, Chris and Zachariadis, Marios},
year = {2003},
institution = {Carnegie Mellon University, Tepper School of Business},
type = {GSIA Working Papers},
number = {2004-E25},
abstract = {We study deviations from the Law-of-One-Price using microeconomic data on the retail prices of approximately 220 individual goods and services across 122 cities located in 79 countries over the period from 1990 to 2000.},
url = {http://EconPapers.repec.org/RePEc:cmu:gsiawp:475731961}
}

@article{parro2013capital,
  title={Capital-skill complementarity and the skill premium in a quantitative model of trade},
  author={Parro, Fernando},
  journal={American Economic Journal: Macroeconomics},
  volume={5},
  number={2},
  pages={72--117},
  year={2013},
  publisher={American Economic Association}
}

@book{arnold1992first,
  title={A first course in order statistics},
  author={Arnold, Barry C and Balakrishnan, Narayanaswamy and Nagaraja, Haikady Navada},
  volume={54},
  year={1992},
  publisher={Siam}
}

@book{davison1997bootstrap,
  title={Bootstrap methods and their application},
  author={Davison, Anthony Christopher and D.V. Hinkley},
  volume={1},
  year={1997},
  publisher={Cambridge university press}
}

@article{hansen1996finite,
  title={Finite-sample properties of some alternative GMM estimators},
  author={Hansen, Lars Peter and Heaton, John and Yaron, Amir},
  journal={Journal of Business \& Economic Statistics},
  volume={14},
  number={3},
  pages={262--280},
  year={1996},
  publisher={Taylor \& Francis Group}
}

@book{adda2003dynamic,
  title={Dynamic economics: quantitative methods and applications},
  author={Adda, Jerome and Cooper, Russell W},
  year={2003},
  publisher={MIT press}
}

@article{sw_jie,
title = "The elasticity of trade: Estimates and evidence ",
journal = "Journal of International Economics ",
volume = "92",
number = "1",
pages = "34 - 50",
year = "2014",
note = "",
issn = "0022-1996",
doi = "http://dx.doi.org/10.1016/j.jinteco.2013.10.001",
url = "http://www.sciencedirect.com/science/article/pii/S0022199613000986",
author = "Ina Simonovska and Michael E. Waugh",
keywords = "Elasticity of trade",
keywords = "Bilateral",
keywords = "Gravity",
keywords = "Price dispersion",
keywords = "Indirect inference "
}



@article{costinot,
  title={{What Goods Do Countries Trade? A Quantitative Exploration of Ricardo's Ideas}},
  author={Arnaud Costinot and Dave Donaldson and Ivana Komunjer},
  journal={Review of Economic Studies, forthcoming},
  year={2011}
  }


@article{bursteinneves,
  title={{Distribution costs and real exchange rate dynamics during exchange-rate-based stabilizations}},
  author={Burstein, A.T. and Neves, J.C. and Rebelo, S.},
  journal={Journal of Monetary Economics},
  volume={50},
  number={6},
  pages={1189--1214},
  year={2003}
  }

@article{schott,
  title={{Across-Product Versus Within-Product Specialization in International Trade}},
  author={Schott, P.K.},
  journal={Quarterly Journal of Economics},
  volume={119 (2)},
  number={2},
  pages={647--678},
  year={2004},
  publisher={MIT Press}
}

@TechReport{behrens_murata_exp,
  author={Kristian Behrens and Giordano Mion and Yasusada Murata and Jens SŸdekum},
  title={Trade, Wages and Productivity},
  year=2009,
  month=Jul,
  institution={Centre for Economic Performance, LSE},
  type={CEP Discussion Papers},
  url={http://ideas.repec.org/p/cep/cepdps/dp0942.html},
  number={dp0942}
}



@Article{bradford_restat,
  author={Scott Bradford},
  title={Paying the Price: Final Goods Protection in OECD Countries},
  journal={The Review of Economics and Statistics},
  year=2003,
  volume={85},
  number={1},
  pages={24-37},
  month={November},
  keywords={},
  abstract={},
  url={http://ideas.repec.org/a/tpr/restat/v85y2003i1p24-37.html}
}

@Book{bradford,
  author={Scott Bradford and Robert Z. Lawrence},
  title={Has Globalization Gone Far Enough: The Costs of Fragmented Markets},
  publisher={Peterson Institute for International Economics},
  year=2004,
  month={September},
  volume={},
  number={349},
  series={Peterson Institute Press: All Books},
  edition={},
  keywords={},
  abstract={},
  url={http://ideas.repec.org/b/iie/ppress/349.html}
}

@article{feenstra_russ,
  title={{In Search of the Armington Elasticity}},
  author={Robert C. Feenstra and Maurice Obstfeld and Katheryn N. Russ},
  year={2010},
  journal={University of California - Davis, unpublished mimeo}
}



@article{imbs10,
  title={{Trade Elasticities}},
  author={Jean Imbs and Isabelle Mejean},
  year={2010},
  journal={Paris School of Economics, unpublished mimeo}
}

@article{imbs09,
  title={{Elasticity Optimism}},
  author={Jean Imbs and Isabelle Mejean},
  year={2009},
  journal={HEC Lausanne, unpublished mimeo}
}


@article{hummels01,
  title={{Toward a Geography of Trade Costs}},
  author={David Hummels},
  year={2001},
  journal={Purdue University, unpublished mimeo}
}

@article{bwqje,
  title={{Globalization and the Gains from Variety}},
  author={Broda, C. and Weinstein, D.},
  journal={Quarterly Journal of Economics},
  volume={121},
  number={2},
  year={2006}
}


@article{romalis,
  title={{NAFTA's and CUSFTA's Impact on International Trade}},
  author={John Romalis},
  journal={Review of Economics and Statistics},
  volume={89},
  number={3},
  pages={416--35},
  year={2007}
}

@article{hmr,
  title={{Export versus FDI with heterogeneous firms}},
  author={Helpman, E. and Melitz, M.J. and Yeaple, S.R.},
  journal={American Economic Review},
  volume={94},
  number={1},
  pages={300--316},
  year={2004},
  publisher={American Economic Association Publications}
}

@techreport{ina,
 title = "Income Differences and Prices of Tradables",
 author = "Ina Simonovska",
 institution = "National Bureau of Economic Research",
 type = "Working Paper",
 series = "Working Paper Series",
 number = "16233",
 year = "2010",
 month = "July",
 URL = "http://www.nber.org/papers/w16233",
 abstract = {This paper presents novel evidence of price discrimination, using prices of identical goods in 28 countries. I explain the observed phenomenon via non-homothetic preferences, in a model of trade with product differentiation and firm productivity heterogeneity. The model brings theory and data closer along a key dimension: it generates positively related prices of tradables and income, while preserving exporter behavior and trade flows of existing frameworks. It further captures observations that richer countries buy more per product and consume more diverse bundles. Quantitatively, the model suggests that variable mark-ups account for 80% of the positive price-income relationship across 123 countries.},
}

@article{sitc,
  title={{Converter from SITC to ISIC}},
  author={Marc-Andreas Muendler},
  year={2009},
  journal={University of California - San Diego, unpublished mimeo}
}

@article{RePEc:fip:fedpwp:07-29,
  author={George Alessandria and Joseph Kaboski},
  title={Pricing-To-Market And The Failure of Absolute PPP},
  year={2007},
  journal={Federal Reserve Bank of Philadelphia, Working Paper N. 07-29},

}

@article{mo,
  title={{Market Size, Trade, and Productivity}},
  author={Melitz, M.J. and Ottaviano, G.I.P.},
  journal={Review of Economic Studies},
  volume={75 (1)},
  number={1},
  pages={295--316},
  year={2008},
  publisher={Blackwell Synergy}
}





@techreport{arkolakis2007,
 title = "Market Penetration Costs and the New Consumers Margin in International Trade",
 author = "Costas Arkolakis",
 institution = "National Bureau of Economic Research",
 type = "Working Paper",
 series = "Working Paper Series",
 number = "14214",
 year = "2008",
 month = "August",
}


@article{hill,
  title={{Recent Developments in the International Comparison of Prices and Real Output }},
  author={Robert J. Hill and T. Peter Hill},
  year={2009},
  journal={International Comparisons of Production and Income Workshop at UC Davis, unpublished mimeo}


@article{arkolakisdynamics,
  title={{Market Penetration Costs and Trade Dynamics}},
  author={Costas Arkolakis},
  year={2007},
  journal={Department of Economics, Yale University, unpublished mimeo}

  @article{arkolakisaer,
  title={{Endogenous Variety and the Gains from Trade}},
  author={Arkolakis, C. and Demidova, S. and Klenow, P.J. and Rodr{\'\i}guez-Clare, A.},
  journal={The American Economic Review},
  volume={98 (2)},
  number={2},
  pages={444--450},
  year={2008},
  publisher={American Economic Association}
}


}

@article{atkesonburnstein,
  title={{Trade Costs, Pricing to Market, and International Relative Prices}},
  author={Atkeson, Andrew and Burstein, Ariel},
  journal={University of California at Los Angeles},
  year={2005}
}
@Article{das,
  author={Sanghamitra Das and Mark J. Roberts and James R. Tybout},
  title={Market Entry Costs, Producer Heterogeneity, and Export Dynamics},
  journal={Econometrica},
  year=2007,
  volume={75 (3)},
  number={3},
  pages={837-873},
  month={05},
  url={http://ideas.repec.org/a/ecm/emetrp/v75y2007i3p837-873.html}
}


@article{dgoldbergdynamic,
  title={{Market integration and convergence to the Law of One Price: evidence from the European car market}},
  author={Goldberg, P.K. and Verboven, F.},
  journal={Journal of International Economics},
  volume={65 (1)},
  number={1},
  pages={49--73},
  year={2005},
  publisher={Elsevier}
}

@article{goldberg2001,
  title={{The Evolution of Price Dispersion in the European Car Market}},
  author={Goldberg, P.K. and Verboven, F.},
  journal={The Review of Economic Studies},
  volume={68 (4)},
  number={4},
  pages={811--848},
  year={2001},
  publisher={Blackwell Synergy}
}



@article{ikea,
  title={{The Law of One Price-A Case Study}},
  author={Haskel, J. and Wolf, H.},
  journal={Scandinavian Journal of Economics},
  volume={103 (4)},
  number={4},
  pages={545--558},
  year={2001},
  publisher={Blackwell Synergy}
}

@article{economist,
  title={{Pricing in International Markets: Lessons From The Economist}},
  author={Ghosh, A.R. and Wolf, H.C.},
  journal={NBER Working Paper},
  year={1994}
}







@article{crucini1,
  author={Mario Crucini and Chris Telmer and Marios Zachariadis},
  title={Price Dispersion: The Role of Borders, Distance and Location},
  year=2005,
journal={Tepper School of Busines, Carnegie Mellon University, unpublished manuscript}
}

@article{crucini2,
  title={{Understanding European Real Exchange Rates}},
  author={Crucini, M.J. and Telmer, C.I. and Zachariadis, M.},
  journal={American Economic Review},
  volume={95 (3)},
  number={3},
  pages={724--738},
  year={2005},
  publisher={American Economic Association Publications}
}

@article{crucini3,
  title={{Persistence in law of one price deviations: Evidence from micro-data}},
  author={Crucini, M.J. and Shintani, M.},
  journal={Journal of Monetary Economics},
  year={2008},
  publisher={Elsevier}
}




@article{schott,
  title={{Across-Product Versus Within-Product Specialization in International Trade}},
  author={Schott, P.K.},
  journal={Quarterly Journal of Economics},
  volume={119 (2)},
  number={2},
  pages={647--678},
  year={2004},
  publisher={MIT Press}
}







@article{ek02,
  title={{Technology, Geography, and Trade}},
  author={Eaton, J. and Kortum, S.},
  journal={Econometrica},
  volume={70},
  number={5},
  pages={1741--1779},
  year={2002},
  publisher={Blackwell Synergy}
}






@article{ekk04,
  title={{Dissecting Trade: Firms, Industries, and Export Destinations}},
  author={Eaton, J. and Kortum, S. and Kramarz, F.},
  journal={The American Economic Review, Papers and Proceedings},
  volume={94 (2)},
  pages={150--154},
  year={2004}
}



@techreport{feenstra,
 title = "World Trade Flows: 1962-2000",
 author = "Feenstra, R.C. and Lipsey, R.E. and Deng, H. and Ma, A.C. and Mo, H.",
 institution = "National Bureau of Economic Research",
 type = "Working Paper",
 series = "Working Paper Series",
 number = "11040",
 year = "2005",
 month = "January",
}

@article{feenstra01,
  title={{Pricing-to-market, staggered contracts, and real exchange rate persistence}},
  author={Bergin, P.R. and Feenstra, R.C.},
  journal={Journal of International Economics},
  volume={54 (2)},
  number={2},
  pages={333--359},
  year={2001},
  publisher={Elsevier}
}
@article{feenstra03,
  title={{A homothetic utility function for monopolistic competition models, without constant price elasticity}},
  author={Feenstra, R.C.},
  journal={Economics Letters},
  volume={78 (1)},
  number={1},
  pages={79--86},
  year={2003},
  publisher={Elsevier}
}
@article{hunter,
  title={{The contribution of nonhomothetic preferences to trade }},
  author={Hunter, L.},
  journal={Journal of International Economics},
  volume={30},
  pages={345--358},
  year={1991},
  publisher={Elsevier}
}
@article{huntermarkusen,
  title={{Per Capita Income as a Determinant of Trade }},
  author={Hunter, L. and Markusen, J.},
  journal={Empirical Methods for International Economics},
  volume={by R. Feenstra, (MIT Press)},
  year={1988},
  publisher={Elsevier}
}

@article{movshuk,
  title={{International Differences in Consumer Preferences and Trade: Evidence from Multicountry, Multiproduct Data}},
  author={Movshuk, O.},
    journal={Toyama University, unpublished mimeo},
  year={2004},
}



@article{jackson,
  title={{Hierarchic Demand and the Engel Curve for Variety.}},
  author={Jackson, L.F.},
  journal={Review of Economics \& Statistics},
  volume={66 (1)},
  number={1},
  pages={8--15},
  year={1984}
}

@article{markusen,
  title={{Explaining the volume of trade: an eclectic approach}},
  author={Markusen, JR},
  journal={American economic review},
  volume={76 (5)},
  number={5},
  pages={1002--1011},
  year={1986}
}


@article{pwt,
  title={{Penn World Table Version 6.1}},
  author={Heston, A., and Summers R. , and Aten B. },
  year={2002},
  journal={Discussion
paper, Center for International Comparisons at the University of Pennsylvania (CICUP)}
}

@article{kortum,
  title={{Research, Parenting, and Technological Change}},
  author={Kortum, S.S.},
  journal={Econometrica},
  volume={65},
  pages={1389--1420},
  year={1997},
  publisher={ECONOMETRIC SOCIETY}
}



@TechReport{krugman,
  author={Paul Krugman},
  title={Pricing to Market when the Exchange Rate Changes},
  year=1986,
  month=May,
  institution={National Bureau of Economic Research, Inc},
  type={NBER Working Papers},
  number={1926}
}

@Article{luttmer,
  author={Erzo G. J. Luttmer},
  title={Selection, Growth, and the Size Distribution of Firms},
  journal={The Quarterly Journal of Economics},
  year=2007,
  volume={122 (3)},
  number={3},
  pages={1103-1144},
  month={08},
  }


@article{martins,
  title={{Mark-up ratios in manufacturing industries-Estimates for 14 OECD countries}},
  author={Martins, J.O. and Scarpetta, S. and Pilat, D.},
  year={1996},
  journal={OECD Economics Department Working Paper, 162},
}





@article{tpp,
title={Trade, Production and Protection 1976-2004},
author={Nicita, A. and Olarreaga, M.},
journal={World Bank Economic Review 21(1)},
year={2006}
}

@article{saez,
  title={{Using Elasticities to Derive Optimal Income Tax Rates}},
  author={Saez, E.},
  journal={The Review of Economic Studies},
  volume={68 (1)},
  number={1},
  pages={205--229},
  year={2001},
  publisher={Blackwell Synergy}
}



@article{waugh,
Author = {Waugh, Michael E.},
Title = {International Trade and Income Differences},
Journal = {American Economic Review},
Volume = {100},
Number = {5},
Year = {2010},
Pages = {2093-2124},
DOI = {10.1257/aer.100.5.2093},
URL = {http://www.aeaweb.org/articles.php?doi=10.1257/aer.100.5.2093}}


@Article{ek02,
          author= {Eaton, Jonathan and Kortum, Samuel},
          title= {Technology, Geography, and Trade},
          journal= {Econometrica},
          year= {2002},
          volume= {70},
          number={5},
          pages= {1741-1779},
          month= {September}
}


@Article{ek01a,
          author= {Eaton, Jonathan and Kortum, Samuel},
          title= {Trade in Capital Goods},
          journal= {European Economic Review},
          year= {2001},
          volume= {45},
          number = {7},
          pages= {1195-1235},
          month= {}
}

@Article{ek01b,
          author= {Eaton, Jonathan and Kortum, Samuel},
          title= {Technology,Trade,and Growth: A Unified Framework},
          journal= {European Economic Review: Papers and Proceedings},
          year= {2001},
          volume= {45},
          pages= {742-755},
          month= {}
}

@Article{ek99,
          author= {Eaton, Jonathan and Kortum, Samuel},
          title= {International Technology Diffusion: Theory and Measurement},
          journal= {International Economic Review},
          year= {1999},
          volume= {},
          pages= {},
          month= {August}
}

@Article{dfs77,
          author= {Dornbusch, Rudiger and Fischer, Stanley and Samuelson, Paul},
          title= {Comparative Advantage, Trade, and Payments in a Ricardian Model with a Continuum of Goods},
          journal= {American Economic Review},
          year= {1977},
          volume= {67},
          number = {5},
          pages= {823-839},
          month= {December}
}

@Article{akbur05,
          author= {Atkeson, Andrew and Burstein, Ariel},
          title= {Trade Costs, Pricing to Market, and International Relative Prices},
          journal= {Working Paper, UCLA},
          year= {2005},
          volume= {},
          pages= {},
          month= {}
}



@Article{yi03,
          author= {Yi,Kei-Mu},
          title= {Can Vertical Specialization Explain the Growth of World Trade?},
          journal= {Journal of Political Economy},
          year= {2003},
          volume= {111},
          number={1},
          pages= {52-102},
          month= {February}
}

@Article{ker04,
          author= {Keller, Wolfgang},
          title= {International Technology Diffusion},
          journal= {Journal of Economic Liturature},
          year= {2004},
          volume= {},
          pages= {},
          month= {September}
}

@Article{hj99,
          author= {Hall, Robert and Jones, Charles},
          title= {Why Do Some Countries Produce So Much More Output Per Worker Than Others?},
          journal= {Quarterly Journal of Economics},
          year= {1999},
          volume= {114},
          number={1},
          pages= {83-116},
          month= {February}
}

@Book{pp02,
          author= {Parente, Stephen L. and Prescott, Edward C.},
          title= {Barriers to Riches},
          publisher= {Cambridge, MA: MIT Press},
          year= {2002},
          volume= {},
          pages= {},
          month= {}
}

@Article{or00,
          author= {Obstfeld, Maurice and Rogoff, Kenneth},
          title= {The Six Major Puzzles in International Economics. Is there a common cause?},
          journal= {NBER},
          year= {2000},
          volume= {},
          pages= {},
          month= {}
}



@INCOLLECTION{cas04,
  author =       {Caselli, Francesco},
  title =        {Accounting for Cross-Country Income Differences},
  BOOKTITLE =    {Handbook of Economic Growth},
  PUBLISHER =    {Amsterdam: Elsevier},
  YEAR =         {2005},
  editor =       {Philippe Aghion and Steven Durlauf},
  volume =       {1},
}



@INCOLLECTION{krc,
  AUTHOR =       {Peter Klenow and Andres Rodr\'{\i}guez-Cl\'{a}re},
  TITLE =        {The Neoclassical Revival in Growth Economics: Has It Gone Too Far?},
  BOOKTITLE =    {NBER Macroeconomics Annual 1997},
  PUBLISHER =    {Cambridge, MA: MIT Press},
  YEAR =         {1997},
  volume =       {12},
  editor =       {Bernanke, Ben S. and Rotemberg, Julio J.},
}




@Article{aw04,
          author= {Anderson, James and van Wincoop, Eric},
          title= {Trade Costs},
          journal= {Journal of Economic Literature},
          year= {2004},
          volume= {42},
          number = {3},
          pages= {691-751},
          month= {September}
}

@Article{fr99,
          author= {Frankel, Jefferey and Romer, David},
          title= {Does Trade Cause Growth?},
          journal= {American Economic Review},
          year= {1999},
          volume= {89},
          pages= {379-399},
          month= {June}
}

@Article{ven01,
          author= {Overman, Henery and Redding, Stephen and Venables, Anthony},
          title= {The Economic Geography of Trade, Production, and Income; A Survey of Empirics },
          journal= {Handbook of International Economics},
          year= {2001},
          volume= {},
          pages= {},
          month= {}
}

@Article{sac99,
          author= {Radelet, Stephen and Sachs, Jefferey},
          title= {Shipping Costs, Manufactured Exports, and Economic Growth},
          journal= {American Economic Review Papers and Proceedings},
          year= {1998},
          volume= {},
          pages= {},
          month= {}
}

@Article{krug98,
          author= {Krugman, Paul},
          title= {Space: The Final Frontier},
          journal= {The Journal of Economic Perspectives},
          year= {1998},
          volume= {12},
          pages= {},
          month= {}
}


@ARTICLE{hk04,
AUTHOR={Chang-Tai Hsieh and Peter J. Klenow},
TITLE={Relative Prices and Relative Prosperity},
JOURNAL={American Economic Review},
YEAR={2007},
VOLUME={97},
NUMBER={3},
PAGES={562-585},
MONTH={June},
}






@Article{kven95,
          author= {Krugman, Paul and Venables, Anthony},
          title= {Globalization and Inequality of Nations},
          journal= {Quarterly Journal of Economics},
          year= {1995},
          volume= {},
          pages= {},
          month= {}
}

@Article{pp94,
          author= {Parente, Stephen and Prescott, Edward},
          title= {Changes in the Wealth of Nations},
          journal= {Federal Reserve Bank of Minneapolis Quarterly Review},
          year= {1994},
          volume= {},
          pages= {3-16},
          month= {}
}

@Article{gol02,
          author= {Gollin, David},
          title= {Getting Income Shares Right},
          journal= {Journal of Political Economy},
          year= {2002},
          volume= {110},
          pages= {458-474},
          month= {April},
          number={2},
}

@Article{bejk03,
          author= {Bernard, Andrew and Eaton, Jonathan and Jensen, J. Bradford and Kortum, Samuel},
          title= {Plants and Productivity in International Trade},
          journal= {American Economic Review},
          year= {2003},
          volume= {93},
          number = {4},
          pages= {1268-1290},
          month= {September}
}

@unpublished{kr02,
          author= {Kehoe, Timothy and Ruhl, Kim},
          title= {How Important is the New Goods Margin in International Trade?},
          journal= {},
          year= {2002},
          volume= {},
          pages= {},
          month= {}
}




@TECHREPORT{flb97,
  AUTHOR =       {Feenstra, Robert and Lipsey, Robert and Bowen, Henry},
  TITLE =        {World Trade Flows, 1970-1992, with Production and Tariff Data},
  YEAR =         {1997},
  type =         {NBER Working Paper},
  number =       {5910,},
  month =        {March},
}



@BOOK{un,
  Author = {UNIDO},
  TITLE =        {International Yearbook of Industrial Statistics},
  PUBLISHER =    {United Nations Industrial Development Organization},
  YEAR =         {1996},

}


@Article{bl01,
          author= {Barro, Robert and  Lee, J},
          title= {International Data on Educational Attainment: Updates and Implications},
          journal= {Oxford Economic Papers},
          year= {2001},
          volume= {},
          pages= {},
          month= {July}
}

@Article{hs95,
          author= {Holmes, Thomas and Schmitz, James},
          title= {Resistance to Technology and Trade Between Areas},
          journal= {Federal Reserve Bank of Minneapolis Quarterly Review},
          year= {1995},
          volume= {},
          pages= {},
          month= {}
}




@TECHREPORT{pennwtb,
  AUTHOR =       {Heston, Alan and Summers, Rober and Aten, Bettina },
  TITLE =        {Penn World Table Version 6.1},
  INSTITUTION =  {Center for International Comparisons at the University of Pennsylvania (CICUP),},
  YEAR =         {2002},
  month =        {October},

}



@Article{lucalv04,
  author={Alvarez, Fernando and Lucas, Robert Jr.},
  title={General Equilibrium Analysis of the Eaton-Kortum Model of International Trade},
  journal={Journal of Monetary Economics},
  year=2007,
  volume={54},
  number={6},
  pages={1726-1768},
  month={September},
}



@TECHREPORT{hm01a,
  AUTHOR =       {Hummels, David},
  TITLE =        {Toward a Geography of Trade Costs},
  year =         {2001},
  month =        {September},
  INSTITUTION =  {Purdue University},
  type =         {Working Paper},

}

@TECHREPORT{hm01b,
  AUTHOR =       {Hummels, David},
  TITLE =        {Time as a trade barrier},
  year =         {2001},
  month =        {July},
  INSTITUTION =  {Purdue University},
  type =         {Working Paper},

}

@Article{aw03,
          author= {Anderson, James and van Wincoop, Eric},
          title= {Gravity with Gravitas: A Solution to the Border Puzzle},
          journal= {American Economic Review},
          year= {2003},
          volume= {93},
          pages= {170-192},
          month= {March}
}

@ARTICLE{kort97,
  AUTHOR =       {Kortum, Samuel},
  TITLE =        {Research, Patenting and Technological Change},
  JOURNAL =      {Econometrica},
  YEAR =         {1997},
  volume =       {65},
  number = {6},
  pages =        {1389-1419},
  month =        {November},
}

@ARTICLE{ek99,
  AUTHOR =       {Eaton, Jonathan and Kortum, Samuel},
  TITLE =        {International Technology Diffusion: Theory and Measurement},
  JOURNAL =      {International Economic Review},
  YEAR =         {1999},
  volume =       {40},
  pages =        {537-570},
  month =        {August},
}


@ARTICLE{rst02,
AUTHOR={Dani Rodrik and Arvind Subramanian and Francesco Trebbi},
TITLE={Institutions Rule: The Primacy of Institutions Over Geography and Integration in Economic Development},
JOURNAL={Journal of Economic Growth},
YEAR=2004,
VOLUME={9},
PAGES={131-165},
MONTH={06},
}


@ARTICLE{ns02,
  AUTHOR =       {Noguera, Marta  and Siscart, Marc},
  TITLE =        {Trade raises income: a precise and robust result},
  JOURNAL =      {Journal of International Economics},
  YEAR =         {2005},
  volume =       {65},

  pages =        {447-460},

}


@INCOLLECTION{rr00,
  AUTHOR =       {Rodriguez, Francisco and Rodrik, Dani},
  TITLE =        {Trade Policy and Economic Growth: A Skeptic's Guide to the Cross-National Evidence},
  BOOKTITLE =    {NBER Macroeconomics Annual 2000},
  PUBLISHER =    {MIT Press},
  YEAR =         {2001},
  editor =       {Bernanke, B and Rogoff, K},
}

@ARTICLE{luc03,
  AUTHOR =       {Lucas, Robert},
  TITLE =        {Macroeconomic Priorities},
  JOURNAL =      {American Economic Review},
  YEAR =         {2003},
  volume =       {93},
  pages =        {1-14},

}

@ARTICLE{mel03,
AUTHOR={Marc J. Melitz},
TITLE={The Impact of Trade on Intra-Industry Reallocations and Aggregate Industry Productivity},
JOURNAL={Econometrica},
YEAR=2003,
VOLUME={71},
number={6},
PAGES={1695-1725},
MONTH={November},
}



%@UNPUBLISHED{waugh06b,
%  AUTHOR =       {Michael Waugh},
%  TITLE =        {Asymmetric Trade Costs and Bilateral Trade},
%  NOTE =         {Working Paper. University of Iowa},
%  year =         {2006},
%  month =        {September},
%  abstract =     {},
%  keywords =     {},
%  source =       {},
%}

@UNPUBLISHED{ananth06,
  AUTHOR =       {Arkolakis, Costas and Ramanarayanan, Ananth},
  TITLE =        {Endogenous Specialization, Intermediate Goods, and International Business Cycles},
  NOTE =         {Working Paper. University of Minnesota},
  year =         {2006},
  month =        {February},
  abstract =     {},
  keywords =     {},
  source =       {},
}

@ARTICLE{rcat06,
  AUTHOR =       {Castro, Rui},
  TITLE =        {Economic Development under Alternative Trade Regimes},
  JOURNAL =      {International Economic Review},
  YEAR =         {2006},
  volume =       {47},
  month =        {May},

}

@TECHREPORT{lev04,
AUTHOR={Hallak, Juan Carlos  and Levinsohn, James},
TITLE={Fooling Ourselves: Evaluating the Globalization and Growth Debate},
YEAR=2004,
INSTITUTION={NBER},
TYPE={Working Paper},
NUMBER={No. 10244}
}


@Article{waugh06a,
  Author = {Michael Waugh},
  TITLE =  {Bilateral Trade, Relative Prices, and Trade Costs},
  journal= {unpublished paper, NYU},
  year={2010}
}


@UNPUBLISHED{w06b,
  AUTHOR =       {Michael Waugh},
  TITLE =        {International Trade and Income Differences},
  NOTE =         {The University of Iowa},
  year =         {2007},
  month =        {June},

}



@ARTICLE{hk05,
AUTHOR={David Hummels and Peter J. Klenow},
TITLE={The Variety and Quality of a Nation's Exports},
JOURNAL={American Economic Review},
YEAR=2005,
VOLUME={95},
NUMBER={3},
PAGES={704-723},
MONTH={June},
}

@ARTICLE{mrw92,
AUTHOR={Mankiw, N Gregory and Romer, David and Weil, David N},
TITLE={A Contribution to the Empirics of Economic Growth},
JOURNAL={The Quarterly Journal of Economics},
YEAR=1992,
VOLUME={107},
NUMBER={2},
PAGES={407-37},
MONTH={May},

}


@TECHREPORT{misglob02,
AUTHOR={Rikhil Bhavnani and David T. Coe and Arvind Subramanian and Natalia T. Tamirisa},
TITLE={The Missing Globalization Puzzle},
YEAR=2002,
MONTH=Oct,
INSTITUTION={International Monetary Fund},
TYPE={IMF Working Papers},
NUMBER={02/171}
}

@ARTICLE{and79,
AUTHOR={Anderson, James E},
TITLE={A Theoretical Foundation for the Gravity Equation},
JOURNAL={American Economic Review},
YEAR=1979,
VOLUME={69},
NUMBER={1},
PAGES={106-16},
MONTH={March},

}


@article{help07,
AUTHOR={Elhanan Helpman and Marc Melitz and Yona Rubinstein},
TITLE={Estimating Trade Flows: Trading Partners and Trading Volumes},
journal= {Quarterly Journal of Economics},
year= {2008},
volume= {123},
number={2},
pages= {441-487},
month= {May}
}


@ARTICLE{luc90,
AUTHOR={Lucas, Robert E,},
TITLE={Why Doesn't Capital Flow from Rich to Poor Countries?},
JOURNAL={American Economic Review},
YEAR=1990,
VOLUME={80},
PAGES={92-96},
MONTH={May},
}

@ARTICLE{log06,
author={Santos-Silva, J.M.C. and Tenreyro, Silvana},
TITLE={The Log of Gravity},
JOURNAL={Review of Economics and Statistics},
YEAR=2006,
VOLUME={88},
NUMBER={4},
PAGES={641-658},
MONTH={November},

}

@MANUAL{oxfam,
  TITLE =        {Rigged Rules and Double Standards: trade, globalization, and the fight against poverty },
  author =       {{Oxfam International}},
  organization = {},
  address =      {},
  edition =      {},
  month =        {},
  year =         {2002},
  note =         {},
  abstract =     {},
  keywords =     {},
  source =       {},
}



@ARTICLE{hk05,
AUTHOR={David Hummels and Peter J. Klenow},
TITLE={The Variety and Quality of a Nation's Exports},
JOURNAL={American Economic Review},
YEAR=2005,
VOLUME={95},
NUMBER={3},
PAGES={704-723},
MONTH={June},
}


@UNPUBLISHED{clare07,
  AUTHOR =       {Andres Rodr\'{\i}guez-Cl\'{a}re},
  TITLE =        {Trade, Diffusion, and the Gains from Openess},
  NOTE =         {Pennslyvania State University},
  year =         {2007},
  month =        {June},
  abstract =     {},
  keywords =     {},
  source =       {},
}

@TECHREPORT{dek07,
AUTHOR={Robert Dekle and Jonathan Eaton and Samuel Kortum},
TITLE={Unbalanced Trade},
YEAR=2007,
MONTH=Apr,
INSTITUTION={National Bureau of Economic Research, Inc},
TYPE={NBER Working Papers},

NUMBER={13035}
}


@article{west90,
  title={{Industrial Policy in an Export Propelled Economy: Lessons From South Korea's Experience}},
  author={Westphal, L.E.},
  journal={The Journal of Economic Perspectives},
  volume={4},
  number={3},
  pages={41--59},
  year={1990},

}

@ARTICLE{mueller84,
AUTHOR={Mueller, Eva},
TITLE={The value and allocation of time in rural Botswana},
JOURNAL={Journal of Development Economics},
YEAR=1984,
VOLUME={15},
NUMBER={1-3},
PAGES={329-360},
MONTH={},
}

@ARTICLE{young95,
AUTHOR={Young, Alwyn},
TITLE={The Tyranny of Numbers: Confronting the Statistical Realities of the East Asian Growth Experience},
JOURNAL={The Quarterly Journal of Economics},
YEAR=1995,
VOLUME={110},
NUMBER={3},
PAGES={641-80},
MONTH={August},
}


@ARTICLE{prw99,
AUTHOR={Stephen L. Parente and Richard Rogerson and Randall Wright},
TITLE={Household production and development},
JOURNAL={Economic Review},
YEAR=1999,
VOLUME={},
NUMBER={Q III},
PAGES={21-35},
}


@INCOLLECTION{solow59,
  AUTHOR =       {Robert M. Solow},
  TITLE =        {Investment and technological progress},
  BOOKTITLE =    {Mathematical Methods in the Social Sciences 1959},
  PUBLISHER =    {Stanford University Press},
  YEAR =         {1960},
  editor =       {Kenneth,J.A. and Suppes,P.},
}

@ARTICLE{wangX99,
AUTHOR={Bin Xu and Jianmao Wang},
TITLE={Capital Goods Trade and R\&D Spillovers in the OECD},
JOURNAL={Canadian Journal of Economics},
YEAR=1999,
VOLUME={32},
NUMBER={5},
PAGES={1258-1274},
MONTH={November},

}


@ARTICLE{schot04,
AUTHOR={Peter K. Schott},
TITLE={Across-product Versus Within-product Specialization in International Trade},
JOURNAL={The Quarterly Journal of Economics},
YEAR=2004,
VOLUME={119},
NUMBER={2},
PAGES={646-677},
MONTH={May},

}


@ARTICLE{bm92,
  title={{The Division of Labor, Coordination Costs, and Knowledge}},
  author={Becker, G.S. and Murphy, K.M.},
  journal={The Quarterly Journal of Economics},
  volume={107},
  number={4},
  pages={1137--1160},
  year={1992},

}

@ARTICLE{pp94,
  title={{Barriers to Technology Adoption and Development}},
  author={Parente, S.L. and Prescott, E.C.},
  journal={The Journal of Political Economy},
  volume={102},
  number={2},
  pages={298--321},
  year={1994},
}


@ARTICLE{gmt84,
AUTHOR={Gourieroux, Christian and Monfort, Alain and Trognon, Alain},
TITLE={Pseudo Maximum Likelihood Methods: Theory},
JOURNAL={Econometrica},
YEAR=1984,
VOLUME={52},
NUMBER={3},
PAGES={681-700},
MONTH={May},
}

@TECHREPORT{feen02,
AUTHOR={Robert C. Feenstra and John Romalis and Peter K. Schott},
TITLE={U.S. Imports, Exports, and Tariff Data, 1989-2001},
YEAR={2002},
MONTH={Dec},
TYPE={NBER Working Paper},
NUMBER={9387}
}


@TECHREPORT{feen97,
AUTHOR={Robert C. Feenstra},
TITLE={U.S. Exports, 1972-1994: With State Exports and Other U.S. Data},
YEAR=1997,
MONTH=Apr,
INSTITUTION={National Bureau of Economic Research, Inc},
TYPE={NBER Working Papers},
NOTE={available at http://ideas.repec.org/p/nbr/nberwo/5990.html},
NUMBER={5990}
}


@article{schott04,
  title={{Across-product Versus Within-product Specialization in International Trade}},
  author={Schott, P.K.},
  journal={The Quarterly Journal of Economics},
  volume={119},
  number={2},
  pages={646--677},
  year={2004}
}


@ARTICLE{dunne97,
AUTHOR={Doms, Mark and Dunne, Timothy and Troske, Kenneth R},
TITLE={Workers, Wages, and Technology},
JOURNAL={The Quarterly Journal of Economics},
YEAR=1997,
VOLUME={112},
NUMBER={1},
PAGES={253-90},
MONTH={February},
NOTE={}
}


@ARTICLE{cascol06,
AUTHOR={Francesco Caselli and Wilbur John Coleman},
TITLE={The World Technology Frontier},
JOURNAL={American Economic Review},
YEAR=2006,
VOLUME={96},
NUMBER={3},
PAGES={499-522},
MONTH={June},

}


@ARTICLE{akstig69,
AUTHOR={Atkinson, Anthony B and Stiglitz, Joseph E},
TITLE={A New View of Technological Change},
JOURNAL={Economic Journal},
YEAR=1969,
VOLUME={79},
NUMBER={315},
PAGES={573-78},
MONTH={September},

}



@ARTICLE{cascol01,
AUTHOR={Francesco Caselli and Wilbur John Coleman},
TITLE={Cross-Country Technology Diffusion: The Case of Computers},
JOURNAL={American Economic Review},
YEAR=2001,
VOLUME={91},
NUMBER={2},
PAGES={328-335},
MONTH={May},

}

@article{nph66,
  title={{Investment in Humans, Technological Diffusion, and Economic Growth}},
  author={Nelson, R.R. and Phelps, E.S.},
  journal={The American Economic Review},
  volume={56},
  number={1/2},
  pages={69--75},
  year={1966},

}


@TECHREPORT{gb00,
AUTHOR={Jeremy Greenwood and Boyan Jovanovic},
TITLE={Accounting for Growth},
YEAR=2000,
MONTH=Jul,
INSTITUTION={University of Rochester - Center for Economic Research (RCER)},
TYPE={RCER Working Papers},
NUMBER={475}
}


@book{feenstra04,
  title={{Advanced international trade}},
  author={Feenstra, R.C.},
  year={2004},
  publisher={Princeton University Press Princeton, NJ}
}


@ARTICLE{leamer80,
AUTHOR={Leamer, Edward E},
TITLE={The Leontief Paradox, Reconsidered},
JOURNAL={Journal of Political Economy},
YEAR=1980,
VOLUME={88},
NUMBER={3},
PAGES={495-503},
MONTH={June},

}


@article{leontief53,
  title={{Domestic Production and Foreign Trade; The American Capital Position Re-Examined}},
  author={Leontief, W.},
  journal={Proceedings of the American Philosophical Society},
  volume={97},
  number={4},
  pages={332--349},
  year={1953},

}

@UNPUBLISHED{dh06,
  AUTHOR =       {Anne-C\'{e}lia Disdier and Keith Head},
  TITLE =        {The Puzzeling Persistence of the Distance Effect on Bilateral Trade},
  NOTE =         {University of British Columbia},
  year =         {2006},
  month =        {July},
  abstract =     {},
  keywords =     {},
  source =       {},
}


@article{griliches69,
  title={{Capital-Skill Complementarity}},
  author={Griliches, Z.},
  journal={The Review of Economics and Statistics},
  volume={51},
  number={4},
  pages={465--468},
  year={1969},

}


@article{krusell00,
  title={{Capital-Skill Complementarity and Inequality: A Macroeconomic Analysis}},
  author={Krusell, P. and Ohanian, L.E. and Rios-Rull, J.V. and Violante, G.L.},
  journal={Econometrica},
  volume={68},
  number={5},
  pages={1029--1053},
  year={2000},

}


@article{caselli99,
  title={{Technological Revolutions}},
  author={Caselli, F.},
  journal={The American Economic Review},
  volume={89},
  number={1},
  pages={78--102},

}


@ARTICLE{greenwood74,
AUTHOR={Greenwood, Jeremy and Yorukoglu, Mehmet},
TITLE={1974},
JOURNAL={Carnegie-Rochester Conference Series on Public Policy},
YEAR=1997,
VOLUME={46},
NUMBER={},
PAGES={49-95},
MONTH={June},

}

@article{bk2000,
  title={{Does Schooling Cause Growth?}},
  author={Bils, M. and Klenow, P.J.},
  journal={The American Economic Review},
  volume={90},
  number={5},
  pages={1160--1183},
  year={2000},

}

@article{autor98,
  title={{Computing Inequality: Have Computers Changed the Labor Market?}},
  author={Autor, D.H. and Katz, L.F. and Krueger, A.B.},
  journal={The Quarterly Journal of Economics},
  volume={113},
  number={4},
  pages={1169--1213},
  year={1998},

}

@article{goldin98,
  title={{The Origins of Technology-Skill Complementarity}},
  author={Goldin, C. and Katz, L.F.},
  journal={The Quarterly Journal of Economics},
  volume={113},
  number={3},
  pages={693--732},
  year={1998},

}


@article{bartel87,
  title={{The Comparative Advantage of Educated Workers in Implementing New Technology}},
  author={Bartel, A.P. and Lichtenberg, F.R.},
  journal={The Review of Economics and Statistics},
  volume={69},
  number={1},
  pages={1--11},
  year={1987},

}


@misc{baldwin2007,
  title={{Zeros, Quality and Space: Trade Theory and Trade Evidence}},
  author={Baldwin, R. and Harrigan, J.},
  year={2007},
  publisher={National Bureau of Economic Research Cambridge, Mass., USA}
}

@book{tin62,
  title={{Shaping the World Economy: Suggestions for an International Economic Policy}},
  author={Tinbergen, J.},
  year={1962},
  publisher={Twentieth Century Fund}
}

@MANUAL{icp,
  TITLE =        {ICP 2003-2006 Handbook },
  author =       {{United Nations International Comparison Programme}},
  organization = {},
  address =      {},
  edition =      {},
  month =        {},
  year =         {2003},
  note =         {},
  abstract =     {},
  keywords =     {},
  source =       {},
}


@ARTICLE{chari06,
AUTHOR={V. V. Chari and Patrick J. Kehoe and Ellen R. McGrattan},
TITLE={Business Cycle Accounting},
JOURNAL={Econometrica},
YEAR=2007,
VOLUME={75},
NUMBER={3},
PAGES={781-836},
MONTH={May},
}


@ARTICLE{balis06,
AUTHOR={Edward Balistreri and Russell Hillberry},
TITLE={Trade Frictions and Welfare in the Gravity Model: How Much of the Iceberg Melts ?},
JOURNAL={Canadian Journal of Economics},
YEAR={2006},
VOLUME={39},
NUMBER={1},
PAGES={247-265},
MONTH={February},
}


@ARTICLE{balis07,
AUTHOR={Balistreri, Edward J. and Hillberry, Russell H.},
TITLE={Structural estimation and the border puzzle},
JOURNAL={Journal of International Economics},
YEAR=2007,
VOLUME={72},
NUMBER={2},
PAGES={451-463},
MONTH={July}
}






@article{baier2001,
  title={{The Growth of World Trade: Tariffs, Transport Costs, and Income Similarity}},
  author={Baier, S.L. and Bergstrand, J.H.},
  journal={Journal of International Economics},
  volume={53},
  number={1},
  pages={1--27},
  year={2001},

}

@ARTICLE{tref95,
AUTHOR={Trefler, Daniel},
TITLE={The Case of the Missing Trade and Other Mysteries},
JOURNAL={American Economic Review},
YEAR=1995,
VOLUME={85},
NUMBER={5},
PAGES={1029-46},
MONTH={December},

}

@ARTICLE{tref93,
AUTHOR={Trefler, Daniel},
TITLE={International Factor Price Differences: Leontief Was Right!},
JOURNAL={Journal of Political Economy},
YEAR=1993,
VOLUME={101},
NUMBER={6},
PAGES={961-87},
MONTH={December},

}


@ARTICLE{rest01,
AUTHOR={Restuccia, Diego and Urrutia, Carlos},
TITLE={Relative prices and investment rates},
JOURNAL={Journal of Monetary Economics},
YEAR=2001,
VOLUME={47},
NUMBER={1},
PAGES={93-121},
MONTH={February},

}

@article{stokey91,
  title={{The Volume and Composition of Trade Between Rich and Poor Countries}},
  author={Stokey, N.L.},
  journal={The Review of Economic Studies},
  volume={58},
  number={1},
  pages={63--80},
  year={1991},
  publisher={JSTOR}
}

@article{flam1987,
  title={{Vertical Product Differentiation and North-South Trade}},
  author={Flam, H. and Helpman, E.},
  journal={The American Economic Review},
  volume={77},
  number={5},
  pages={810--822},
  year={1987},
}

@TECHREPORT{feenstra_heston04,
AUTHOR={Robert C. Feenstra and Alan Heston and Marcel P. Timmer and Haiyan Deng},
TITLE={Estimating Real Production and Expenditures Across Nations: A Proposal for Improving the Penn World Tables},
YEAR={2004},
MONTH={November},
TYPE={NBER Working Paper},
NUMBER={10866,}
}

@ARTICLE{lucas93,
AUTHOR={Lucas, Robert E, Jr},
TITLE={Making a Miracle},
JOURNAL={Econometrica},
YEAR=1993,
VOLUME={61},
NUMBER={2},
PAGES={251-72},
MONTH={March},

}

@Article{hop_rog92,
  author={Hopenhayn, Hugo and Rogerson, Richard},
  title={Job Turnover and Policy Evaluation: A General Equilibrium Analysis},
  journal={Journal of Political Economy},
  year=1993,
  volume={101},
  number={5},
  pages={915-38},
  month={October}
}


@article{chaney08,
  title={{Distorted Gravity: The Intensive and Extensive Margins of International Trade}},
  author={Chaney, Thomas},
  journal={American Economic Review},
  volume={98},
  number={4},
  pages={1707--1721},
  year={2008},
  publisher={American Economic Association Publications},
  month={September},
}


@article{bag99,
  title={{An Economic Theory of GATT}},
  author={Bagwell, K. and Staiger, R.W.},
  journal={American Economic Review},
  volume={89},
  number={1},
  pages={215--248},
  year={1999},

}

@article{krug80,
  title={{Scale Economies, Product Differentiation, and the Pattern of Trade}},
  author={Krugman, P.},
  journal={American Economic Review},
  volume={70},
  number={5},
  pages={950--959},
  year={1980},
}

@Article{ven87,
  author={Venables, Anthony J},
  title={Trade and Trade Policy with Differentiated Products: A Chamberlinian-Ricardian Model},
  journal={Economic Journal},
  year=1987,
  volume={97},
  number={387},
  pages={700-717},
  month={September},

}


@Article{gros87,
  author={Gros, Daniel},
  title={A note on the optimal tariff, retaliation and the welfare loss from tariff wars in a framework with intra-industry trade},
  journal={Journal of International Economics},
  year=1987,
  volume={23},
  number={3-4},
  pages={357-367},

}

@TechReport{clare_demi07,
  author={Svetlana Demidova and Andres Rodriguez-Clare},
  title={Trade Policy under Firm-Level Heterogeneity in a Small Economy},
  year=2007,
  month=Dec,
  institution={National Bureau of Economic Research, Inc},
  type={NBER Working Papers},
  number={13688}
}


@Article{mel_ott08,
  author={Marc J. Melitz and Giancarlo I. P. Ottaviano},
  title={Market Size, Trade, and Productivity},
  journal={Review of Economic Studies},
  year=2008,
  volume={75},
  number={1},
  pages={295-316},
  month={01}
}

@article{krav88,
  title={{National Price Levels and the Prices of Tradables and Nontradables}},
  author={Kravis, Irving B. and Lipsey, Robert E.},
  journal={American Economic Review},
  volume={78},
  number={2},
  pages={474--478},
  year={1988},
  month={May},
}

@TechReport{hk2008,
  author={Chang-Tai Hsieh and Peter J. Klenow},
  title={Misallocation and Manufacturing TFP in China and India},
  year={2007},
  month={August},
  type={NBER Working Paper},
  number={13290,}
}

@article{baily1995,
  title={{Efficiency in Manufacturing and the Need for Global Competition}},
  author={Baily, Martin Neil and Gersbach, Hans},
  journal={Brookings Papers on Economic Activity: Microeconomics},
  volume={2},
  pages={307--358},
  year={1995},
}


@Article{rest_rog07,
  author={Diego Restuccia and Richard Rogerson},
  title={Policy Distortions and Aggregate Productivity with Heterogeneous Plants},
  journal={Review of Economic Dynamics},
  year=2008,
  volume={11},
  number={4},
  pages={707-720},
  month={October}
}


@Article{lagos06,
  author={Ricardo Lagos},
  title={A Model of TFP},
  journal={Review of Economic Studies},
  year=2006,
  volume={73},
  number={4},
  pages={983-1007},
  month={October}
}

@Article{ventura08,
  author={Nezih Guner and Gustavo Ventura and Xu Yi},
  title={Macroeconomic Implications of Size-Dependent Policies},
  journal={Review of Economic Dynamics},
  year=2008,
  volume={11},
  number={4},
  pages={721-744},
  month={October}
}


@article{burstein07,
  author={Ariel Burstein and Alexander Monge-Naranjo},
  title={Foreign Know-How, Firm Control, and the Income of Developing Countries},
  journal={Quartarly Journal of Economics},
  year=2009,
  volume={124},
  number={1},
  pages={149-195},
  month={February}
}


@INCOLLECTION{bd2005,
  AUTHOR =       {Banerjee, Abhijit and Duflo, Esther},
  TITLE =        {Growth Theory through the Lens of Development Economics},
  BOOKTITLE =    {Handbook of Economic Growth},
  PUBLISHER =    {Amsterdam: Elsevier},
  YEAR =         {2005},
  editor =       {Philippe Aghion and Steven Durlauf},
  volume =       {1},
}




@TECHREPORT{mck_india2001,
  AUTHOR =       {{McKinsey Global Institute}},
  TITLE =        {India: The Growth Imperative},
  INSTITUTION =  {McKinsey Global Institute},
  YEAR =         {2001},

}


@BOOK{lewis04,
  AUTHOR =       {William W. Lewis},
  TITLE =        {The Power of Productivity},
  PUBLISHER =    {Chicago, IL: University of Chicago Press},
  YEAR =         {2004},

}

@article{limo_ven01,
  title={{Infrastructure, Geographical Disadvantage, Transport Costs, and Trade}},
  author={Limao, Nuno M. and Venables, Anthony J.},
  journal={World Bank Economic Review},
  volume={15},
  number={3},
  pages={451--479},
  year={2001},
  publisher={World Bank}
}

@article{hummels2006,
  title={Are Matched Partner Trade Statistics a Usable Measure of Transportation Costs?},
  author={Hummels, David and Lugovskyy, Volodymyr},
  journal={Review of International Economics},
  volume={14},
  number={1},
  pages={69--86},
  year={2006},
  month={February},
}

@TechReport{kee06,
  author={Kee, Hiau Looi and Nicita, Alessandro and Olarreaga, Marcelo},
  title={Estimating Trade Restrictiveness Indices},
  year={2006},
  month={February},
  institution={World Bank,},
  type={Policy Research Working Paper Series},
  number={3840}
}

@book{extrem_value,
  title={{Extreme Value and Related Models with Applications in Engineering and Science}},
  author={Castillo, Enrique and Hadi, Ali S. and Balakrishnan, N. and Sarabia, José M.},
  publisher={Hoboken, NJ: Wiley},
  year=2005
}


@TechReport{jones08,
  author={Charles I. Jones},
  title={Intermediate Goods, Weak Links, and Superstars: A Theory of Economic Development},
  year={2008},
  month={March},
  type={NBER Working Paper},
  number={13834,}
}

@Article{burstein03,
  author={Burstein, Ariel T. and Neves, Joao C. and Rebelo, Sergio},
  title={Distribution Costs and Real Exchange Rate Dynamics During Exchange-Rate-Based Stabilizations},
  journal={Journal of Monetary Economics},
  year=2003,
  volume={50},
  number={6},
  pages={1189-1214},
  month={September}
}

@TECHREPORT{lagakos08,
  AUTHOR =       {Lagakos, David},
  TITLE =        {Superstores or Mom and Pops? Market Size, Technology Adoption, and TFP Differences},
  year =         {2008},
  month =        {January},
  INSTITUTION =  {UCLA,},
  type =         {Working Paper},

}


@TECHREPORT{waugh08,
  AUTHOR =       {Michael E. Waugh},
  TITLE =        {Product Quality, Human Capital, and Bilateral Trade},
  year =         {2008},
  month =        {July},
  INSTITUTION =  {University of Iowa},
  type =         {Working Paper},

}



@article{corbo1997,
 author={Corbo, Vittorio},
  title={Trade Reform and Uniform Import Tariffs: The Chilean Experience},
  journal={American Economic Review},
  year=1997,
  volume={87},
  number={2},
  pages={73-77},
  month={May},
}

@article{ruhl2008,
  title={{The International Elasticity Puzzle}},
  author={Ruhl, K.J.},
  journal={unpublished paper, NYU},
  year={2008}
}

@BOOK{latintc,
  Author = {Moreira, Mauricio Mesquita and Volpe, Christian  and Blyde, Juan S.},
  TITLE =        {Unclogging the Arteries: A Report on the Impact of Transport Costs on Latin American and Caribbean Trade},
  PUBLISHER =    {Washington D.C.: Inter-American Development Bank},
  YEAR =         {2008},

}

@article{pavcnik2002,
  title={{Trade Liberalization, Exit, and Productivity Improvements: Evidence from Chilean Plants}},
  author={Pavcnik, N.},
  journal={The Review of Economic Studies},
  volume={69},
  number={1},
  pages={245--276},
  year={2002},
  publisher={Blackwell Synergy}
}

@TechReport{lederman98,
  author={Sebastian Edwards and Daniel Lederman},
  title={The Political Economy of Unilateral Trade Liberalization: The Case of Chile},
  year={1998},
  month={April},
  type={NBER Working Paper},
  number={6510,}
}

@TechReport{italy07,
  author={Andrea Finicelli and Patrizio Pagano and Massimo Sbracia},
  title={Trade-Revealed TFP},
  year={2007},
  month={June},
  institution={Bank of Italy,},
}

@Article{antras04,
  author={Pol Antras and Elhanan Helpman},
  title={Global Sourcing},
  journal={Journal of Political Economy},
  year=2004,
  volume={112},
  number={3},
  pages={552-580},
  month={June},
  url={http://ideas.repec.org/a/ucp/jpolec/v112y2004i3p552-580.html}

}

@Article{hop92,
  author={Hopenhayn, Hugo A},
  title={Entry, Exit, and Firm Dynamics in Long Run Equilibrium},
  journal={Econometrica},
  year=1992,
  volume={60},
  number={5},
  pages={1127-50},
  month={September},
}

@article{redven04,
  title={{Economic Geography and International Inequality}},
  author={Redding, Stephen and Venables, Anthony J.},
  journal={Journal of International Economics},
  volume={62},
  number={1},
  pages={53--82},
  year={2004},
  publisher={Elsevier},
  month = {January},
}

@Article{kruger88,
  author={Krueger, Anne O and Schiff, Maurice and Valdes, Alberto},
  title={Agricultural Incentives in Developing Countries: Measuring the Effect of Sectoral and Economywide Policies},
  journal={World Bank Economic Review},
  year=1988,
  volume={2},
  number={3},
  pages={255-71},
  month={September},
}





@Article{smith_98,
  author={MacKinnon, James G. and Smith, Anthony A.},
  title={Approximate bias correction in econometrics},
  journal={Journal of Econometrics},
  year=1998,
  volume={85},
  number={2},
  pages={205-230},
  month={August},
}


@Book{mackinnon,
  title={{Econometric Theory and Methods}},
  author={Davidson, R. and MacKinnon, J.G.},
  year={2004},
  publisher={New York: Oxford University Press}
}

@TechReport{bv09,
  author={Burstein, Ariel and Vogel, Jonathan},
  title={Globalization, Technology, and the Skill Premium},
  year={2009},
  month={November},
}

@Article{donaldson09,
  Author = {Dave Donaldson},
  TITLE =  {Railroads of the Raj: Estimating the Economic Impact of Transportation Infrastructure},
  journal= {unpublished paper, MIT},
  year={2009}
}

@article{head_ries01,
  author={Keith Head and John Ries},
  title={Increasing Returns versus National Product Differentiation as an Explanation for the Pattern of U.S.-Canada Trade},
  journal={American Economic Review},
  year=2001,
  volume={91},
  number={4},
  pages={858-876},
  month={September},
  keywords={},
  abstract={}
}

@article{baier01,
  author={Baier, Scott L. and Bergstrand, Jeffrey H.},
  title={The growth of world trade: tariffs, transport costs, and income similarity},
  journal={Journal of International Economics},
  year=2001,
  volume={53},
  number={1},
  pages={1-27},
  month={February},
  keywords={},
  abstract={},
}




@article{smith_npd,
  title={{Indirect inference}},
  author={Smith, A.A.},
  journal={The New Palgrave Dictionary of Economics, 2nd Edition (forthcoming)},
  year={2008}
}

@book{hayashi,
  title={{Econometrics}},
  author={Hayashi, F.},
  year={2000},
  publisher={Princeton}
}

@book{french_guys96,
  title={{Simulation-based econometric methods}},
  author={Gouri{\'e}roux, C. and Monfort, A.},
  series={CORE lectures},
  year={1996},
  publisher={Oxford University Press}
}

@article{robson1964,
  title={{Estimation of a truncation point}},
  author={Robson, DS and Whitlock, JH},
  journal={Biometrika},
  volume={51},
  number={1-2},
  pages={33},
  issn={0006-3444},
  year={1964},
}

@article{cooke1979,
  title={{Statistical inference for bounds of random variables}},
  author={Cooke, P.},
  journal={Biometrika},
  volume={66},
  number={2},
  pages={367},
  issn={0006-3444},
  year={1979},
  publisher={Biometrika Trust}
}

@article{ekk08,
author = {Eaton, Jonathan and Kortum, Samuel and Kramarz, Francis},
title = {An Anatomy of International Trade: Evidence From French Firms},
journal = {Econometrica},
volume = {79},
number = {5},
publisher = {Blackwell Publishing Ltd},
issn = {1468-0262},
url = {http://dx.doi.org/10.3982/ECTA8318},
doi = {10.3982/ECTA8318},
pages = {1453--1498},
keywords = {Export destinations, firms, efficiency, sales distribution, simulated moments},
year = {2011},
}


@Article{acr09,
  author={Costas Arkolakis and Arnaud Costinot and Andres Rodriguez-Clare},
  title={{New Trade Models, Same Old Gains?}},
  journal={American Economic Review},
  year=2012,
  volume={102},
  number={1},
  pages={94-130},
  month={February},
  keywords={},
  abstract={ Micro-level data have had a profound influence on research in international trade over the last ten years. In many regards, this research agenda has been very successful. New stylized facts have been uncovered and new trade models have been developed to explain these facts. In this paper we investigate to what extent answers to new micro-level questions have affected answers to an old and central question in the field: how large are the welfare gains from trade? A crude summary of our results is: \&quot;So far, not much.\&quot; (JEL F11, F12)},
  url={http://ideas.repec.org/a/aea/aecrev/v102y2012i1p94-130.html}
}


@article{feenstra1994,
  title={{New product varieties and the measurement of international prices}},
  author={Feenstra, R.C.},
  journal={The American Economic Review},
  volume={84},
  number={1},
  pages={157--177},
  issn={0002-8282},
  year={1994}
}

@book{feenstra2010product,
  title={Product Variety and the Gains from International Trade},
  author={Feenstra, R.C.},
  year={2010},
  publisher={MIT Press}
}

@article{caliendo2010,
  title={Estimates of the Trade and Welfare Effects of NAFTA},
  author={Caliendo, L. and Parro, F.},
  journal={Review of Economic Studies (forthcoming)},
  year={2014},
}

@article{fieler2007,
  title={{Non-Homotheticity and Bilateral Trade:
Evidence and a Quantitative Explanation}},
  author={Fieler, Ana Cecilia },
  year={2010},
  journal={forthcoming, Econometrica}
}
